@inproceedings{Nicolaescu2016YATA,
  author = {Nicolaescu, Petru and Jahns, Kevin and Derntl, Michael and Klamma, Ralf},
  title = {Near Real-Time Peer-to-Peer Shared Editing on Extensible Data Types},
  booktitle = {19th International Conference on Supporting Group Work},
  series = {GROUP 2016},
  year = {2016},
  pages = {39--49},
  publisher = {ACM},
  month = nov,
  doi = {10.1145/2957276.2957310},
  pdf = {https://www.researchgate.net/publication/310212186_Near_Real-Time_Peer-to-Peer_Shared_Editing_on_Extensible_Data_Types},
  keywords = {text-editing, YATA, Yjs}
}

@article{Roh2011RGA,
  author = {Roh, Hyun-Gul and Jeon, Myeongjae and Kim, Jin-Soo and Lee, Joonwon},
  title = {Replicated Abstract Data Types: Building Blocks for Collaborative Applications},
  journal = {Journal of Parallel and Distributed Computing},
  volume = {71},
  number = {3},
  month = mar,
  year = {2011},
  issn = {0743-7315},
  pages = {354--368},
  publisher = {Elsevier},
  doi = {10.1016/j.jpdc.2010.12.006},
  pdf = {http://csl.snu.ac.kr/papers/jpdc11.pdf},
  keywords = {text-editing, RGA}
}
